@proceedings{Storey:2019:3341883,
	title = {MSR '19: Proceedings of the 16th International Conference on Mining Software Repositories},
	year = {2019},
	location = {Montreal, Quebec, Canada},
	publisher = {IEEE Press},
	address = {Piscataway, NJ, USA},
} 